@book{A,
    title={The meaning of A},
    author={A. Alpha},
    year=2020,
    publisher={Apublisher}
}
@book{B,
    title={The meaning of B},
    author={B. Beta},
    year=2021,
    publisher={Bpublisher}
}
@book{G,
    title={The meaning of G},
    author={G. Gamma},
    year=2022,
    publisher={Gpublisher}
}